<?xml version="1.0" encoding="UTF-8"?><collection xmlns="http://www.loc.gov/MARC21/slim"><record><leader>00432nam--2200157-i-4500</leader><controlfield tag="001">000004461</controlfield><controlfield tag="002">20161230</controlfield><controlfield tag="005">20170304212214</controlfield><controlfield tag="008">060222s1000------------r-----000-0-eng-d</controlfield><datafield ind1=" " ind2=" " tag="100"><subfield code="a">Balteanu, R</subfield></datafield><datafield ind1=" " ind2=" " tag="245"><subfield code="a">Uzura utilajelor de constructii si transport. Indrumator</subfield></datafield><datafield ind1=" " ind2=" " tag="260"><subfield code="a">Bucuresti</subfield><subfield code="b">Ed.Tehnica</subfield><subfield code="c">1957</subfield></datafield><datafield ind1=" " ind2=" " tag="300"><subfield code="a">192(-195) p.+erata</subfield></datafield><datafield ind1=" " ind2=" " tag="700"><subfield code="a">Georgescu-Gorjan, St</subfield></datafield><datafield ind1=" " ind2=" " tag="852"><subfield code="a">621.81.0046</subfield></datafield><datafield ind1=" " ind2=" " tag="CAT"><subfield code="a">SYS</subfield><subfield code="c">20170304</subfield><subfield code="h">212214</subfield></datafield></record></collection>